<?xml version="1.0" encoding="UTF-8"?>
  <record xmlns="http://www.loc.gov/MARC21/slim" type="Authority">
    <leader>00000nz  a2200000nc 4500</leader>
    <controlfield tag="001">104160748</controlfield>
    <controlfield tag="003">DE-101</controlfield>
    <controlfield tag="005">20170301004628.0</controlfield>
    <controlfield tag="008">960403n||azznnaabn           | aaa    |c</controlfield>
    <datafield tag="024" ind1="7" ind2=" ">
      <subfield code="a">104160748</subfield>
      <subfield code="0">http://d-nb.info/gnd/104160748</subfield>
      <subfield code="2">gnd</subfield>
    </datafield>
    <datafield tag="035" ind1=" " ind2=" ">
      <subfield code="a">(DE-101)104160748</subfield>
    </datafield>
    <datafield tag="035" ind1=" " ind2=" ">
      <subfield code="a">(DE-588)104160748</subfield>
    </datafield>
    <datafield tag="035" ind1=" " ind2=" ">
      <subfield code="z">(DE-588)1090256930</subfield>
    </datafield>
    <datafield tag="035" ind1=" " ind2=" ">
      <subfield code="z">(DE-588a)104160748</subfield>
      <subfield code="9">v:zg</subfield>
    </datafield>
    <datafield tag="035" ind1=" " ind2=" ">
      <subfield code="z">(DE-588c)4580160-5</subfield>
      <subfield code="9">v:zg</subfield>
    </datafield>
    <datafield tag="040" ind1=" " ind2=" ">
      <subfield code="a">DE-12</subfield>
      <subfield code="c">DE-12</subfield>
      <subfield code="9">r:DE-12</subfield>
      <subfield code="b">ger</subfield>
      <subfield code="d">9999</subfield>
    </datafield>
    <datafield tag="042" ind1=" " ind2=" ">
      <subfield code="a">gnd1</subfield>
    </datafield>
    <datafield tag="043" ind1=" " ind2=" ">
      <subfield code="c">XA-IT</subfield>
    </datafield>
    <datafield tag="065" ind1=" " ind2=" ">
      <subfield code="a">16.1p</subfield>
      <subfield code="2">sswd</subfield>
    </datafield>
    <datafield tag="065" ind1=" " ind2=" ">
      <subfield code="a">16.5p</subfield>
      <subfield code="2">sswd</subfield>
    </datafield>
    <datafield tag="065" ind1=" " ind2=" ">
      <subfield code="a">19.5p</subfield>
      <subfield code="2">sswd</subfield>
    </datafield>
    <datafield tag="075" ind1=" " ind2=" ">
      <subfield code="b">p</subfield>
      <subfield code="2">gndgen</subfield>
    </datafield>
    <datafield tag="075" ind1=" " ind2=" ">
      <subfield code="b">piz</subfield>
      <subfield code="2">gndspec</subfield>
    </datafield>
    <datafield tag="079" ind1=" " ind2=" ">
      <subfield code="a">g</subfield>
      <subfield code="q">f</subfield>
      <subfield code="q">n</subfield>
      <subfield code="q">s</subfield>
      <subfield code="u">w</subfield>
    </datafield>
    <datafield tag="100" ind1="1" ind2=" ">
      <subfield code="a">Sanutus, Marinus</subfield>
      <subfield code="d">1270-1343</subfield>
    </datafield>
    <datafield tag="400" ind1="0" ind2=" ">
      <subfield code="a">Marinus</subfield>
      <subfield code="c">Sanutus</subfield>
      <subfield code="d">1270-1343</subfield>
    </datafield>
    <datafield tag="400" ind1="1" ind2=" ">
      <subfield code="a">Sanudo, Torsello</subfield>
      <subfield code="d">1270-1343</subfield>
    </datafield>
    <datafield tag="400" ind1="0" ind2=" ">
      <subfield code="a">Torsello</subfield>
      <subfield code="d">1270-1343</subfield>
    </datafield>
    <datafield tag="400" ind1="1" ind2=" ">
      <subfield code="a">Sanudo, Marin</subfield>
      <subfield code="d">1270-1343</subfield>
    </datafield>
    <datafield tag="400" ind1="1" ind2=" ">
      <subfield code="a">Sanudo, Marin</subfield>
      <subfield code="c">l'Ancien</subfield>
      <subfield code="d">1270-1343</subfield>
    </datafield>
    <datafield tag="400" ind1="0" ind2=" ">
      <subfield code="a">Marin</subfield>
      <subfield code="c">Sanudo, l'Ancien</subfield>
      <subfield code="d">1270-1343</subfield>
    </datafield>
    <datafield tag="400" ind1="1" ind2=" ">
      <subfield code="a">Sanuto, Marino</subfield>
      <subfield code="d">1270-1343</subfield>
    </datafield>
    <datafield tag="400" ind1="0" ind2=" ">
      <subfield code="a">Marino</subfield>
      <subfield code="c">Sanuto</subfield>
      <subfield code="d">1270-1343</subfield>
    </datafield>
    <datafield tag="400" ind1="0" ind2=" ">
      <subfield code="a">Marin</subfield>
      <subfield code="c">Sanuto Torsello</subfield>
      <subfield code="d">1270-1343</subfield>
    </datafield>
    <datafield tag="400" ind1="0" ind2=" ">
      <subfield code="a">Marin</subfield>
      <subfield code="c">Torsello</subfield>
      <subfield code="d">1270-1343</subfield>
    </datafield>
    <datafield tag="400" ind1="0" ind2=" ">
      <subfield code="a">Marin</subfield>
      <subfield code="c">Sanuto, il Vecchio</subfield>
      <subfield code="d">1270-1343</subfield>
    </datafield>
    <datafield tag="400" ind1="1" ind2=" ">
      <subfield code="a">Sanuto, Marin</subfield>
      <subfield code="d">1270-1343</subfield>
    </datafield>
    <datafield tag="400" ind1="1" ind2=" ">
      <subfield code="a">Sanutus, Marinus</subfield>
      <subfield code="c">Senior</subfield>
      <subfield code="d">1270-1343</subfield>
    </datafield>
    <datafield tag="400" ind1="0" ind2=" ">
      <subfield code="a">Marinus</subfield>
      <subfield code="c">Sanutus, Senior</subfield>
      <subfield code="d">1270-1343</subfield>
    </datafield>
    <datafield tag="400" ind1="0" ind2=" ">
      <subfield code="a">Marin</subfield>
      <subfield code="c">Sanudo, Senior</subfield>
      <subfield code="d">1270-1343</subfield>
    </datafield>
    <datafield tag="400" ind1="0" ind2=" ">
      <subfield code="a">Marino</subfield>
      <subfield code="c">Sanudo, der Ältere</subfield>
      <subfield code="d">1270-1343</subfield>
    </datafield>
    <datafield tag="400" ind1="0" ind2=" ">
      <subfield code="a">Marino</subfield>
      <subfield code="c">Sanudo Torsello</subfield>
      <subfield code="d">1270-1343</subfield>
    </datafield>
    <datafield tag="400" ind1="0" ind2=" ">
      <subfield code="a">Marinus</subfield>
      <subfield code="c">Torsello</subfield>
      <subfield code="d">1270-1343</subfield>
    </datafield>
    <datafield tag="400" ind1="0" ind2=" ">
      <subfield code="a">Marinus</subfield>
      <subfield code="c">Torsellus</subfield>
      <subfield code="d">1270-1343</subfield>
    </datafield>
    <datafield tag="400" ind1="0" ind2=" ">
      <subfield code="a">Marinus</subfield>
      <subfield code="c">Senior</subfield>
      <subfield code="d">1270-1343</subfield>
    </datafield>
    <datafield tag="400" ind1="1" ind2=" ">
      <subfield code="a">Sanudo, Marino</subfield>
      <subfield code="d">1270-1343</subfield>
    </datafield>
    <datafield tag="400" ind1="1" ind2=" ">
      <subfield code="a">Sanudo, Marino</subfield>
      <subfield code="c">der Ältere</subfield>
      <subfield code="d">1270-1343</subfield>
    </datafield>
    <datafield tag="400" ind1="1" ind2=" ">
      <subfield code="a">Sanudo, Marin</subfield>
      <subfield code="c">Kartograph und Chronist</subfield>
      <subfield code="d">1270-1343</subfield>
    </datafield>
    <datafield tag="400" ind1="1" ind2=" ">
      <subfield code="a">Sanuto, Marino</subfield>
      <subfield code="c">Kartograph und Chronist</subfield>
      <subfield code="d">1270-1343</subfield>
    </datafield>
    <datafield tag="400" ind1="1" ind2=" ">
      <subfield code="a">Sanuto, Marin</subfield>
      <subfield code="c">Kartograph und Chronist</subfield>
      <subfield code="d">1270-1343</subfield>
    </datafield>
    <datafield tag="400" ind1="1" ind2=" ">
      <subfield code="a">Sanudo, Marin</subfield>
      <subfield code="c">der Ältere, Kartograph und Chronist</subfield>
      <subfield code="d">1270-1343</subfield>
    </datafield>
    <datafield tag="400" ind1="1" ind2=" ">
      <subfield code="a">Sanudo, Marino</subfield>
      <subfield code="c">der Ältere, Kartograph und Chronist</subfield>
      <subfield code="d">1270-1343</subfield>
    </datafield>
    <datafield tag="400" ind1="1" ind2=" ">
      <subfield code="a">Sanuto, Marinus</subfield>
      <subfield code="c">Torsellus, Kartograph und Chronist</subfield>
      <subfield code="d">1270-1343</subfield>
    </datafield>
    <datafield tag="400" ind1="1" ind2=" ">
      <subfield code="a">Sanudo, Marino</subfield>
      <subfield code="c">Torsello, Kartograph und Chronist</subfield>
      <subfield code="d">1270-1343</subfield>
    </datafield>
    <datafield tag="400" ind1="1" ind2=" ">
      <subfield code="a">Sanutus, Marinus</subfield>
      <subfield code="c">Kartograph und Chronist</subfield>
      <subfield code="d">1270-1343</subfield>
    </datafield>
    <datafield tag="400" ind1="1" ind2=" ">
      <subfield code="a">Sanudo, Marino</subfield>
      <subfield code="c">Kartograph und Chronist</subfield>
      <subfield code="d">1270-1343</subfield>
    </datafield>
    <datafield tag="400" ind1="1" ind2=" ">
      <subfield code="a">Marino, Sanudo</subfield>
      <subfield code="c">der Ältere</subfield>
      <subfield code="d">1270-1343</subfield>
    </datafield>
    <datafield tag="548" ind1=" " ind2=" ">
      <subfield code="a">1270-1343</subfield>
      <subfield code="4">datl</subfield>
      <subfield code="4">https://d-nb.info/standards/elementset/gnd#dateOfBirthAndDeath</subfield>
      <subfield code="w">r</subfield>
      <subfield code="i">Lebensdaten</subfield>
      <subfield code="9">v:Lebensjahre ca.; nach Wikipedia um 1260-1338</subfield>
    </datafield>
    <datafield tag="548" ind1=" " ind2=" ">
      <subfield code="a">ca. 1270-1343</subfield>
      <subfield code="4">datl</subfield>
      <subfield code="4">https://d-nb.info/standards/elementset/gnd#associatedDate</subfield>
      <subfield code="w">r</subfield>
      <subfield code="i">Lebensdaten</subfield>
    </datafield>
    <datafield tag="667" ind1=" " ind2=" ">
      <subfield code="a">VD-17</subfield>
    </datafield>
    <datafield tag="667" ind1=" " ind2=" ">
      <subfield code="a">Quelle: DNB-Normdaten</subfield>
    </datafield>
    <datafield tag="670" ind1=" " ind2=" ">
      <subfield code="a">Potth. 998; LMA,VII,1373/74</subfield>
    </datafield>
    <datafield tag="678" ind1=" " ind2=" ">
      <subfield code="b">Liber secretorum fidelium crucis; Opus Terrae Sanctae; Epistulae; Ital. Kartograph und Chronist</subfield>
    </datafield>
    <datafield tag="913" ind1=" " ind2=" ">
      <subfield code="S">pnd</subfield>
      <subfield code="i">a</subfield>
      <subfield code="a">Sanutus, Marinus</subfield>
      <subfield code="0">(DE-588a)104160748</subfield>
    </datafield>
    <datafield tag="913" ind1=" " ind2=" ">
      <subfield code="S">pnd</subfield>
      <subfield code="i">a</subfield>
      <subfield code="a">Sanudo, Marin (der Ältere)</subfield>
      <subfield code="0">(DE-588a)104160748</subfield>
    </datafield>
  </record>
